<?xml version="1.0" encoding="UTF-8"?><collection><record><leader>06598ntm a2200553 a 4500</leader><controlfield tag="001">006775930</controlfield><controlfield tag="003">MiAaHDL</controlfield><controlfield tag="005">20190719000000.0</controlfield><controlfield tag="006">m        d        </controlfield><controlfield tag="007">cr bn ---auaua</controlfield><controlfield tag="008">090507s16uu    xx            00| ||ara d</controlfield><datafield tag="035" ind1=" " ind2=" "><subfield code="a">(MiU)006775930</subfield></datafield><datafield tag="035" ind1=" " ind2=" "><subfield code="a">sdr-miu006775930</subfield></datafield><datafield tag="040" ind1=" " ind2=" "><subfield code="a">MiU</subfield><subfield code="c">MiU</subfield><subfield code="e">amremm</subfield></datafield><datafield tag="043" ind1=" " ind2=" "><subfield code="a">n-us-mi</subfield></datafield><datafield tag="100" ind1="1" ind2=" "><subfield code="6">880-01</subfield><subfield code="a">Fanārī, Ḥasan ibn Muḥammad Shāh,</subfield><subfield code="d">1436 or 1437-1481.</subfield></datafield><datafield tag="245" ind1="1" ind2="0"><subfield code="6">880-03</subfield><subfield code="a">Ḥasan Chalabī ʻalá al-Muṭawwal,</subfield><subfield code="f">[early 17th century].</subfield></datafield><datafield tag="246" ind1="3" ind2=" "><subfield code="i">From inscription on 'title page' (p.3):</subfield><subfield code="a">حاشيۀ مطول</subfield></datafield><datafield tag="260" ind1=" " ind2=" "><subfield code="c">[16--]</subfield></datafield><datafield tag="300" ind1=" " ind2=" "><subfield code="a">199 leaves :</subfield><subfield code="b">paper ;</subfield><subfield code="c">203 x 145 (143-169 x 67-99) mm. bound to 203 x 150 mm.</subfield></datafield><datafield tag="500" ind1=" " ind2=" "><subfield code="a">Shelfmark: Ann Arbor, University of Michigan, Special Collections Library, Isl. Ms. 150</subfield></datafield><datafield tag="500" ind1=" " ind2=" "><subfield code="a">Origin: As appears in colophon on p.397, copied by Muṣṭafá ibn Khiḍr [?]. Colophon lacks year transcription was completed ; paper suggests early 17th century.</subfield></datafield><datafield tag="500" ind1=" " ind2=" "><subfield code="a">Accompanying materials: Slip carrying notes (paginted pp.21-22).</subfield></datafield><datafield tag="500" ind1=" " ind2=" "><subfield code="a">Former shelfmark: British Museum, London "No. 71. Hasan Chelebi's glosses on the Mutawwal." ; "۲٤" on verso of front flyleaf (p.2) and 'title page' (p.3) ; "٤١٦" on tail of textblock.</subfield></datafield><datafield tag="500" ind1=" " ind2=" "><subfield code="a">Binding: Pasteboards covered in marbled paper (orange-red, blue, yellow) with spine, foreedge flap, and edges/turn-ins in dark brown leather ; Type II binding (with flap) ; upper pastedown in laid paper, lower board lining in pink-tinted laid paper ; interior of envelope flap in marbled paper ; sewn in cream thread, two and four stations (alternating) ; overall in poor condition with significant abrasion, some lifting and losses of paper and leather, staining, delamination of boards, etc. ; repairs in red leather.</subfield></datafield><datafield tag="500" ind1=" " ind2=" "><subfield code="a">Support: European laid paper in several types ; first type with 6 laid lines per cm. (vertical), chain lines spaced 26-30 mm. apart (horizontal), anchor in circle watermark with trefoil above (compare Heawood 2), quite thick, sturdy and well-burnished ; second type with 11 laid lines per cm. (vertical), chain lines spaced 27 mm. apart (horizontal), crossbow in circle watermark with trefoil above (compare Piccard 123860 and 123861), thinner but sturdy and well-burnished ; next type with 8-9 laid lines per cm. (vertical), chain lines spaced 28 mm. apart (horizontal), crown with star and crescent above watermark (compare Heawood 1132), thick, sturdy and well-burnished ; final type with 12 laid lines per cm. (vertical), chain lines spaced 27-28 mm. apart, angel in circle watermark with flower/leaf above ; some staining and tide lines.</subfield></datafield><datafield tag="500" ind1=" " ind2=" "><subfield code="a">Decoration: Keywords rubricated ; overlining in red ; occasional textual dividers in red and black.</subfield></datafield><datafield tag="500" ind1=" " ind2=" "><subfield code="a">Script: Naskh-nastaʻlīq (talik) and naskh, several hands ; mainly naskh-nastaʻlīq virtually serifless with mainly closed counters, effect of tilt to the right, slight effect of words descending to baseline (occasionally more exaggerated), elongation of horizontal strokes, final nūn occasionally reversed (re-curved) ; naskhs fairly compact with mainly closed counters, rounded and freely ligatured, some with tilt to the right others to the left (see pp.283-306 and pp.347-370).</subfield></datafield><datafield tag="500" ind1=" " ind2=" "><subfield code="a">Layout: Written in 23, 25 and 27 lines per page ; frame-ruled.</subfield></datafield><datafield tag="500" ind1=" " ind2=" "><subfield code="a">Collation: i, 8 V(80), II (84), 4 V(124), IV (132), IV+1 (141), VI (153), V (163), IV+2 (173), 2 VI (197), I (199) ; chiefly quinions ; catchwords present ; pagination in pencil, Western numerals, supplied during digitization (includes front flyleaf and insert ; skips two pages each between pp.265-266 and pp.271-272).</subfield></datafield><datafield tag="500" ind1=" " ind2=" "><subfield code="a">Colophon: "Scribal," triangular, reads: "تم هذا الكتاب بعون الملك الوهاب في ليلة يوم الثلثاء في شهر المرجب عن يد عبد الضعيف الشيخ مصطفى بن خضر [؟] غفر الله له ولوالديه"</subfield></datafield><datafield tag="500" ind1=" " ind2=" "><subfield code="a">Explicit: "والتذكير للاحكام المذكورة في علمي المعاني والبيان انما لم يتعرض للبديع لكونه خارجا عن [البلاغة]"</subfield></datafield><datafield tag="500" ind1=" " ind2=" "><subfield code="a">Incipit: "الحمد لله الذي الهمنا حقائق المعاني ودقائق البيان الاقرب الى الفهم ان المراد بالالهام في هذا المقام معناه اللغوي وهو الاعلام مطلقا لا يحتاج ارادة ..."</subfield></datafield><datafield tag="500" ind1=" " ind2=" "><subfield code="a">Title from inscription on 'title page' (p.3).</subfield></datafield><datafield tag="500" ind1=" " ind2=" "><subfield code="a">Ms. codex.</subfield></datafield><datafield tag="510" ind1="4" ind2=" "><subfield code="a">Brockelmann, C. GAL,</subfield><subfield code="c">I, 295 (cmtre 4A, gloss f)</subfield></datafield><datafield tag="520" ind1="8" ind2=" "><subfield code="a">Fine copy of Ḥasan ibn Muḥammad Shāh al-Fanārī's (Hasan Çelebî) gloss on al-Sharḥ al-muṭawwal, the longer commentary by Masʻūd ibn ʻUmar al-Taftazānī on Talkhīṣ al-Miftāḥ by Jalāl al-Dīn al-Qazwīnī (d.1338), an abridgment of part 3 of Miftāḥ al-ʻulūm by al-Sakkākī (d.1229), on rhetoric (al-maʻānī wa-al-bayān).</subfield></datafield><datafield tag="538" ind1=" " ind2=" "><subfield code="a">Mode of access: Internet.</subfield></datafield><datafield tag="541" ind1=" " ind2=" "><subfield code="c">Purchase ;</subfield><subfield code="a">Acquired by purchase (funds donated by Horace Rackham).</subfield><subfield code="d">1924.</subfield></datafield><datafield tag="546" ind1=" " ind2=" "><subfield code="a">Arabic.</subfield></datafield><datafield tag="561" ind1=" " ind2=" "><subfield code="a">Bookplate of British Museum, London on interior of upper cover, "British Museum, London. No. 71. Hasan Chelebi's glosses on the Mutawwal." ; circular seal impression with figure of goat/gazelle in purple ink as well as inscription "124" in Western numerals on front flyleaf (p.1) ; circular waqf-seal impression in black ink also appears on ’title page’ (p.3) and several places throughout, reads: "هذا وقف الراجي فيض الصمدي الشيخ احمد ضيا الدين ابن مصطفى الخالدي فمن بدله بعد ما سمعه فانما اثمه على الذين يبدلونه" in name of Aḥmad Ḍiyāʼ al-Dīn ibn Muṣṭafá al-Khālidī (i.e. Ahmed Ziyâüddîn Gümüşhanevî, d. 1893 or 4) ; ownership statement on lower board lining ; extensive marginal glosses ; occasional notabilia (sideheads) and marginal corrections.</subfield></datafield><datafield tag="600" ind1="1" ind2="0"><subfield code="a">Taftāzānī, Masʻūd ibn ʻUmar,</subfield><subfield code="d">1322-1389?</subfield><subfield code="t">Muṭawwal.</subfield></datafield><datafield tag="650" ind1=" " ind2="0"><subfield code="a">Manuscripts, Arabic</subfield><subfield code="z">Michigan</subfield><subfield code="z">Ann Arbor.</subfield></datafield><datafield tag="650" ind1=" " ind2="0"><subfield code="a">Arabic language</subfield><subfield code="x">Rhetoric</subfield><subfield code="v">Early works to 1800.</subfield></datafield><datafield tag="700" ind1="0" ind2=" "><subfield code="6">880-04</subfield><subfield code="a">Muṣṭafá ibn Khiḍr,</subfield><subfield code="e">scribe.</subfield></datafield><datafield tag="773" ind1="0" ind2=" "><subfield code="a">Tiflis Collection.</subfield></datafield><datafield tag="880" ind1="0" ind2=" "><subfield code="6">700-04/</subfield><subfield code="a">مصطفى بن خضر،</subfield><subfield code="e">ناسخ.</subfield></datafield><datafield tag="880" ind1="1" ind2="0"><subfield code="6">245-03/</subfield><subfield code="a">حسن چلبى على المطول,</subfield><subfield code="f">[اوائل القرن 17م].</subfield></datafield><datafield tag="880" ind1="1" ind2=" "><subfield code="6">100-01/</subfield><subfield code="a">فناري، حسن بن محمد شاه.</subfield></datafield><datafield tag="CID" ind1=" " ind2=" "><subfield code="a">006775930</subfield></datafield><datafield tag="DAT" ind1="0" ind2=" "><subfield code="a">20190719102635.0</subfield><subfield code="b">20190719000000.0</subfield></datafield><datafield tag="DAT" ind1="1" ind2=" "><subfield code="a">20190719090653.0</subfield><subfield code="b">2019-07-19T16:11:22Z</subfield></datafield><datafield tag="DAT" ind1="2" ind2=" "><subfield code="a">2015-10-10T18:00:06Z</subfield></datafield><datafield tag="CAT" ind1=" " ind2=" "><subfield code="a">SDR-MIU</subfield><subfield code="d">EX LIBRIS - ALEPH</subfield><subfield code="l">prepare.pl-004-008</subfield></datafield><datafield tag="FMT" ind1=" " ind2=" "><subfield code="a">BK</subfield></datafield><datafield tag="HOL" ind1=" " ind2=" "><subfield code="0">sdr-miu006775930</subfield><subfield code="a">MiU</subfield><subfield code="b">SDR</subfield><subfield code="c">MIU</subfield><subfield code="p">mdp.39015079125913</subfield><subfield code="s">MIU</subfield><subfield code="1">006775930</subfield></datafield><datafield tag="974" ind1=" " ind2=" "><subfield code="b">MIU</subfield><subfield code="c">MIU</subfield><subfield code="d">20190719</subfield><subfield code="s">lit-dlps-dc</subfield><subfield code="u">mdp.39015079125913</subfield><subfield code="y">1699</subfield><subfield code="r">pd</subfield><subfield code="q">bib</subfield><subfield code="t">non-US bib date1 &lt; 1879</subfield></datafield></record></collection>